<?xml version="1.0" encoding="UTF-8"?><record xmlns="http://www.loc.gov/MARC21/slim" xmlns:cinclude="http://apache.org/cocoon/include/1.0" xmlns:zs="http://www.loc.gov/zing/srw/">
  <leader>00468cz  a2200133n  4500</leader>
  <controlfield tag="001">n  92068987 </controlfield>
  <controlfield tag="003">DLC</controlfield>
  <controlfield tag="005">19920707125601.5</controlfield>
  <controlfield tag="008">920707n| acannaab|          |n aaa ||| b</controlfield>
  <datafield tag="010" ind1=" " ind2=" ">
    <subfield code="a">n  92068987 </subfield>
  </datafield>
  <datafield tag="040" ind1=" " ind2=" ">
    <subfield code="a">DNLM</subfield>
    <subfield code="c">DLC</subfield>
  </datafield>
  <datafield tag="100" ind1="1" ind2="0">
    <subfield code="a">Yaginuma, Tsutomu,</subfield>
    <subfield code="d">1933-</subfield>
  </datafield>
  <datafield tag="670" ind1=" " ind2=" ">
    <subfield code="a">Ninpu no kusuri to kanri handobukku, 1991:</subfield>
    <subfield code="b">t.p. (Yaginuma Tsutomu) colophon (r; prof., Tōkyō Daigaku Igakubu)</subfield>
  </datafield>
  <datafield tag="670" ind1=" " ind2=" ">
    <subfield code="a">Kenkyūsha sōran, shizen, 1984:</subfield>
    <subfield code="b">p. 4234 (Yaginuma Tsutomu; b. 2/20/33)</subfield>
  </datafield>
</record>